<record><leader>00000cas a22000007a 4500</leader><controlfield tag="001">34286367</controlfield><controlfield tag="007">hd afu---bact</controlfield><controlfield tag="007">hd bfu---baat</controlfield><controlfield tag="008">960228c18729999iluer nea     0   b0dan d</controlfield><datafield ind1=" " ind2=" " tag="010"><subfield code="a">sn 95073645 </subfield></datafield><datafield ind1=" " ind2=" " tag="040"><subfield code="a">NVG</subfield><subfield code="b">eng</subfield><subfield code="c">NVG</subfield><subfield code="d">OCLCQ</subfield><subfield code="d">OCLCF</subfield><subfield code="d">OCLCO</subfield></datafield><datafield ind1="1" ind2=" " tag="022"><subfield code="a">0747-3869</subfield><subfield code="l">0747-3869</subfield><subfield code="2">1</subfield></datafield><datafield ind1="1" ind2=" " tag="029"><subfield code="a">AU@</subfield><subfield code="b">000025850465</subfield></datafield><datafield ind1=" " ind2=" " tag="032"><subfield code="a">153540</subfield><subfield code="b">USPS</subfield></datafield><datafield ind1="0" ind2=" " tag="041"><subfield code="a">daneng</subfield></datafield><datafield ind1=" " ind2=" " tag="042"><subfield code="a">msc</subfield><subfield code="a">nsdp</subfield></datafield><datafield ind1=" " ind2=" " tag="043"><subfield code="a">n-usc--</subfield></datafield><datafield ind1="0" ind2="0" tag="050"><subfield code="a">Newspaper</subfield></datafield><datafield ind1=" " ind2="4" tag="222"><subfield code="a">Den Danske pioneer</subfield></datafield><datafield ind1="0" ind2="4" tag="245"><subfield code="a">Den Danske pioneer</subfield><subfield code="h">[microform].</subfield></datafield><datafield ind1="1" ind2="3" tag="246"><subfield code="a">Danish pioneer</subfield><subfield code="f">&lt;Oct. 17, 1895&gt;-Feb. 1, 1900</subfield></datafield><datafield ind1=" " ind2=" " tag="260"><subfield code="a">Omaha, Neb. :</subfield><subfield code="b">Mark Hansen</subfield></datafield><datafield ind1=" " ind2=" " tag="300"><subfield code="a">v.</subfield></datafield><datafield ind1=" " ind2=" " tag="310"><subfield code="a">Biweekly,</subfield><subfield code="b">Dec. 27, 1956-</subfield></datafield><datafield ind1=" " ind2=" " tag="321"><subfield code="a">Weekly,</subfield><subfield code="b">&lt;Aug. 3, 1876&gt;-Dec. 13, 1956</subfield></datafield><datafield ind1="1" ind2=" " tag="362"><subfield code="a">Began with Aug. 1, 1872 issue.</subfield></datafield><datafield ind1=" " ind2=" " tag="500"><subfield code="a">Published in Omaha, Neb., &lt;1872&gt;-July 10, 1958, Elmwood Park, Ill., Oct. 16, 1958-June 11, 1984, and in Hoffman Estates, Ill., June 25, 1984-</subfield></datafield><datafield ind1=" " ind2=" " tag="500"><subfield code="a">A Danish-American weekly.</subfield></datafield><datafield ind1=" " ind2=" " tag="515"><subfield code="a">Suspended Dec. 29, 1955-Jan. 12, 1956, and July 24-Oct. 2, 1958.</subfield></datafield><datafield ind1=" " ind2=" " tag="546"><subfield code="a">In Danish and English.</subfield></datafield><datafield ind1=" " ind2=" " tag="588"><subfield code="a">Description based on: Aarg. 5, nr. 31 (3 aug. 1876).</subfield></datafield><datafield ind1=" " ind2=" " tag="533"><subfield code="a">Microfilm.</subfield><subfield code="m">1887-1888,1894-1923,1926-1948,1950-1959:[Gaps]</subfield><subfield code="b">Lincoln, Neb. :</subfield><subfield code="c">Nebraska State Historical Society,</subfield><subfield code="d">1974.</subfield><subfield code="e">36 microfilm reels ; 35 mm.</subfield></datafield><datafield ind1=" " ind2="0" tag="650"><subfield code="a">Danish Americans</subfield><subfield code="z">Middle West</subfield><subfield code="v">Newspapers.</subfield></datafield><datafield ind1=" " ind2="0" tag="650"><subfield code="a">Danish American newspapers.</subfield></datafield><datafield ind1=" " ind2="7" tag="655"><subfield code="a">Newspapers.</subfield><subfield code="2">fast</subfield><subfield code="0">(OCoLC)fst01423814</subfield></datafield><datafield ind1=" " ind2="7" tag="650"><subfield code="a">Danish American newspapers.</subfield><subfield code="2">fast</subfield><subfield code="0">(OCoLC)fst00887764</subfield></datafield><datafield ind1=" " ind2="7" tag="650"><subfield code="a">Danish Americans.</subfield><subfield code="2">fast</subfield><subfield code="0">(OCoLC)fst00887668</subfield></datafield><datafield ind1=" " ind2="7" tag="651"><subfield code="a">Middle West.</subfield><subfield code="2">fast</subfield><subfield code="0">(OCoLC)fst01240052</subfield></datafield><datafield ind1=" " ind2=" " tag="752"><subfield code="a">United States</subfield><subfield code="b">Illinois</subfield><subfield code="c">Cook</subfield><subfield code="d">Hoffman Estates.</subfield></datafield><datafield ind1=" " ind2=" " tag="752"><subfield code="a">United States</subfield><subfield code="b">Nebraska</subfield><subfield code="c">Douglas</subfield><subfield code="d">Omaha.</subfield></datafield><datafield ind1=" " ind2=" " tag="752"><subfield code="a">United States</subfield><subfield code="b">Illinois</subfield><subfield code="c">Cook</subfield><subfield code="d">Elmwood Park.</subfield></datafield><datafield ind1="1" ind2=" " tag="776"><subfield code="c">Original</subfield><subfield code="w">(DLC)sn 83045751</subfield></datafield><datafield ind1="0" ind2="5" tag="780"><subfield code="t">Dansk tidende</subfield></datafield></record>